<?xml version="1.0" encoding="UTF-8"?><collection xmlns="http://www.loc.gov/MARC21/slim"><record><leader>00464nam--2200145-i-4500</leader><controlfield tag="001">000009842</controlfield><controlfield tag="002">20161230</controlfield><controlfield tag="005">20161230201028</controlfield><controlfield tag="008">060222s1000------------r-----000-0-eng-d</controlfield><datafield ind1=" " ind2=" " tag="080"><subfield code="a">531</subfield></datafield><datafield ind1=" " ind2=" " tag="100"><subfield code="a">Cooper, Jeffery And Medeiros Luiz Adauto</subfield></datafield><datafield ind1=" " ind2=" " tag="245"><subfield code="a">The cauchy problem for non linear qave equatio ns in domains with moving boundary</subfield></datafield><datafield ind1=" " ind2=" " tag="260"><subfield code="a">Rio Janeiro, Centro Brasileiro De Pesquisas Fisicas, 1971 187 - 298 P</subfield></datafield><datafield ind1=" " ind2=" " tag="490"><subfield code="a">Notas De Fisica</subfield></datafield><datafield ind1=" " ind2=" " tag="852"><subfield code="a">13930</subfield></datafield></record></collection>